<record><leader>00000cas a2200000 a 4500</leader><controlfield tag="001">11424975</controlfield><controlfield tag="008">841127d190719uucauwr ne      0   b0swe c</controlfield><datafield ind1=" " ind2=" " tag="010"><subfield code="a">sn 84025122 </subfield></datafield><datafield ind1=" " ind2=" " tag="040"><subfield code="a">NPV</subfield><subfield code="b">eng</subfield><subfield code="c">NPV</subfield><subfield code="d">CNK</subfield><subfield code="d">OCLCQ</subfield><subfield code="d">OCLCF</subfield><subfield code="d">OCLCO</subfield></datafield><datafield ind1="0" ind2=" " tag="041"><subfield code="a">sweeng</subfield></datafield><datafield ind1=" " ind2=" " tag="042"><subfield code="a">pcc</subfield></datafield><datafield ind1=" " ind2=" " tag="043"><subfield code="a">n-us-ca</subfield></datafield><datafield ind1=" " ind2=" " tag="045"><subfield code="a">x0x-</subfield></datafield><datafield ind1="0" ind2="0" tag="245"><subfield code="a">Vestern.</subfield></datafield><datafield ind1=" " ind2=" " tag="260"><subfield code="a">Eureka, Cal. :</subfield><subfield code="b">Western Pub. Co.</subfield></datafield><datafield ind1=" " ind2=" " tag="300"><subfield code="a">v.</subfield></datafield><datafield ind1=" " ind2=" " tag="310"><subfield code="a">Weekly</subfield></datafield><datafield ind1="1" ind2=" " tag="362"><subfield code="a">Began in 1907.</subfield><subfield code="z">Cf. Ayer's.</subfield></datafield><datafield ind1=" " ind2=" " tag="500"><subfield code="a">"A weekly newspaper for the Scandinavians on the west."</subfield></datafield><datafield ind1=" " ind2=" " tag="521"><subfield code="a">"Svensk frisnnad veckotidning."</subfield></datafield><datafield ind1=" " ind2=" " tag="546"><subfield code="a">In Swedish and English.</subfield></datafield><datafield ind1=" " ind2=" " tag="588"><subfield code="a">Description based on: Vol. 1, no. 23 (29 febr., 1908).</subfield></datafield><datafield ind1=" " ind2="0" tag="650"><subfield code="a">Scandinavians</subfield><subfield code="z">California</subfield><subfield code="v">Newspapers.</subfield></datafield><datafield ind1=" " ind2="0" tag="651"><subfield code="a">Humboldt County (Calif.)</subfield><subfield code="v">Newspapers.</subfield></datafield><datafield ind1=" " ind2="7" tag="655"><subfield code="a">Newspapers.</subfield><subfield code="2">fast</subfield><subfield code="0">(OCoLC)fst01423814</subfield></datafield><datafield ind1=" " ind2="7" tag="650"><subfield code="a">Scandinavians.</subfield><subfield code="2">fast</subfield><subfield code="0">(OCoLC)fst01106459</subfield></datafield><datafield ind1=" " ind2="7" tag="651"><subfield code="a">California.</subfield><subfield code="2">fast</subfield><subfield code="0">(OCoLC)fst01204928</subfield></datafield><datafield ind1=" " ind2="7" tag="651"><subfield code="a">California</subfield><subfield code="z">Humboldt County.</subfield><subfield code="2">fast</subfield><subfield code="0">(OCoLC)fst01214282</subfield></datafield><datafield ind1=" " ind2=" " tag="752"><subfield code="a">United States</subfield><subfield code="b">California</subfield><subfield code="c">Humboldt</subfield><subfield code="d">Eureka.</subfield></datafield></record>